[gd_scene load_steps=9 format=3 uid="uid://bjw6r0qbdfk2c"]

[ext_resource type="Script" path="res://objects/dino/dino.gd" id="1_64dc0"]

[sub_resource type="CapsuleShape2D" id="CapsuleShape2D_p34rk"]
radius = 6.0
height = 18.0

[sub_resource type="CompressedTexture2D" id="CompressedTexture2D_4n8f0"]
load_path = "res://.godot/imported/DinoSprites - vita.png-bd635077562f2f2c84accb15759c93f0.ctex"

[sub_resource type="Animation" id="Animation_1bvux"]
length = 0.001
tracks/0/type = "value"
tracks/0/imported = false
tracks/0/enabled = true
tracks/0/path = NodePath("Sprite2D:frame")
tracks/0/interp = 1
tracks/0/loop_wrap = true
tracks/0/keys = {
"times": PackedFloat32Array(0),
"transitions": PackedFloat32Array(1),
"update": 1,
"values": [0]
}

[sub_resource type="Animation" id="Animation_0s1fw"]
resource_name = "idle"
length = 0.7
loop_mode = 1
tracks/0/type = "value"
tracks/0/imported = false
tracks/0/enabled = true
tracks/0/path = NodePath("Sprite2D:frame")
tracks/0/interp = 1
tracks/0/loop_wrap = true
tracks/0/keys = {
"times": PackedFloat32Array(0, 0.2, 0.4),
"transitions": PackedFloat32Array(1, 1, 1),
"update": 1,
"values": [0, 1, 2]
}

[sub_resource type="Animation" id="Animation_31j0j"]
resource_name = "walk"
length = 0.5
loop_mode = 1
tracks/0/type = "value"
tracks/0/imported = false
tracks/0/enabled = true
tracks/0/path = NodePath("Sprite2D:frame")
tracks/0/interp = 1
tracks/0/loop_wrap = true
tracks/0/keys = {
"times": PackedFloat32Array(0, 0.1, 0.2, 0.3, 0.4),
"transitions": PackedFloat32Array(1, 1, 1, 1, 1),
"update": 1,
"values": [4, 5, 6, 7, 8]
}

[sub_resource type="AnimationLibrary" id="AnimationLibrary_yvthh"]
_data = {
"RESET": SubResource("Animation_1bvux"),
"idle": SubResource("Animation_0s1fw"),
"walk": SubResource("Animation_31j0j")
}

[sub_resource type="RectangleShape2D" id="RectangleShape2D_sy1i6"]
size = Vector2(2, 7)

[node name="dino_player" type="CharacterBody2D"]
script = ExtResource("1_64dc0")

[node name="CollisionShape2D" type="CollisionShape2D" parent="."]
shape = SubResource("CapsuleShape2D_p34rk")

[node name="Sprite2D" type="Sprite2D" parent="."]
texture_filter = 1
texture = SubResource("CompressedTexture2D_4n8f0")
hframes = 24

[node name="AnimationPlayer" type="AnimationPlayer" parent="."]
libraries = {
"": SubResource("AnimationLibrary_yvthh")
}

[node name="Camera2D" type="Camera2D" parent="."]
zoom = Vector2(2, 2)
position_smoothing_enabled = true

[node name="groundcast_l" type="RayCast2D" parent="."]
position = Vector2(-5, 0)
target_position = Vector2(0, 15)

[node name="groundcast_r" type="RayCast2D" parent="."]
position = Vector2(5, 0)
target_position = Vector2(0, 15)

[node name="attackbox" type="Area2D" parent="."]
collision_layer = 0
collision_mask = 2

[node name="CollisionShape2D" type="CollisionShape2D" parent="attackbox"]
position = Vector2(0, 8.5)
shape = SubResource("RectangleShape2D_sy1i6")

[connection signal="body_entered" from="attackbox" to="." method="attack"]
